@thesis{Colletta2025,
  author      = {Lorenzo Colletta},
  title       = {Implementazione parallela di un algoritmo di proiezione tomografica},
  type        = {Tesi di laurea triennale},
  institution = {Ingegneria e Scienze Informatiche, Universit√† di Bologna, Cesena},
  year        = {2024/2025},
}

@inbook{Siddon1984,
  author       = {Robert L. Siddon},
  title        = {Fast calculation of the exact radiological path for a three dimensional CT array},
  organization = {Department of Radiation Therapy and Joint Center for Radiation Therapy, Harvard Medical School, Boston},
  volume       = {12},
  number       = {2},
  pages        = {252-255},
  publisher    = {Medical Physics},
  year         = {1984},
}

@manual{MoroLoli2022,
  author       = {Elena Morotti, Elena Loli Piccolomini},
  title        = {Sparse Regularized CT Reconstruction: An Optimization Perspective},
  organization = {Department of Political and Social Sciences with Department of Computer Science and Engineering, University of Bologna, Bologna},
  year         = {2022},
  note         = {34 pages},
}
